<?xml version="1.0" encoding="utf-8"?>
<record xmlns="http://www.loc.gov/MARC21/slim" xmlns:xsi="http://www.w3.org/2001/XMLSchema-instance" xsi:schemaLocation="http://www.loc.gov/MARC21/slim http://www.loc.gov/standards/marcxml/schema/MARC21slim.xsd">
	<leader>     nam a22     Mi 4500</leader>
	<controlfield tag="001">b12940410</controlfield>
	<controlfield tag="003">LeBAU</controlfield>
	<controlfield tag="006">m        d        </controlfield>
	<controlfield tag="007">cr cn |||m|||a</controlfield>
	<controlfield tag="008">200626s1933    ua ach  ob    000 0 ara d</controlfield>
	<datafield ind1=" " ind2=" " tag="040">
		<subfield code="a">ZYU</subfield>
		<subfield code="b">ara</subfield>
		<subfield code="e">rda</subfield>
		<subfield code="c">ZYU</subfield>
	</datafield>
	<datafield ind1="0" ind2="4" tag="082">
		<subfield code="a">348</subfield>
		<subfield code="2">23</subfield>
	</datafield>
	<datafield ind1="1" ind2=" " tag="100">
		<subfield code="6">880-01</subfield>
		<subfield code="a">Fīlūthāʼus,</subfield>
		<subfield code="c">al-Īghūmānus,</subfield>
		<subfield code="d">1837-1904.</subfield>
		<subfield code="e">author.</subfield>
		<subfield code="0">https://lccn.loc.gov/n2009221483 ,</subfield>
	</datafield>
	<datafield ind1="1" ind2="0" tag="245">
		<subfield code="6">880-02</subfield>
		<subfield code="a">Qānūn al-Kanīsah al-Qibṭīyah :</subfield>
		<subfield code="b">Kitāb al-Khulāṣah al-qānūnīyah fī al-aḥwāl al-shakhṣīyah li-kanīsat al-Aqbāṭ al-Urthūdhuksiyīn /</subfield>
		<subfield code="c">ta’līf al-Mutanayyiḥ al-Īghūmānus Fīlūthā’us, ra’īs al-Kanīsah al-Kubrá al-Marqusīyah bi-al-Qāhirah sābiqan ; sharaḥa hādhā al-kitāb wa-waḍaʻ mulḥaqātih al-faqīr li-raḥmat Mawlāh Jirjis Fīlūthā’us ʻAwaḍ.</subfield>
	</datafield>
	<datafield ind1="3" ind2="0" tag="246">
		<subfield code="6">880-03</subfield>
		<subfield code="a">Kitāb al-Khulāṣah al-qānūnīyah fī al-aḥwāl al-shakhṣīyah li-kanīsat al-Aqbāṭ al-Urthūdhuksiyīn</subfield>
	</datafield>
	<datafield ind1="3" ind2="0" tag="246">
		<subfield code="6">880-04</subfield>
		<subfield code="a">Khulāṣah al-qānūnīyah fī al-aḥwāl al-shakhṣīyah li-kanīsat al-Aqbāṭ al-Urthūdhuksiyīn</subfield>
	</datafield>
	<datafield ind1=" " ind2=" " tag="250">
		<subfield code="6">880-05</subfield>
		<subfield code="a">al-Ṭabʻah al-thālithah.</subfield>
	</datafield>
	<datafield ind1=" " ind2="1" tag="264">
		<subfield code="6">880-06</subfield>
		<subfield code="a">al-Qāhirah, [Miṣr] :</subfield>
		<subfield code="b">al-Maṭbaʻah al-Miṣrīyah al-Ahlīyah al-Ḥadīthah,</subfield>
		<subfield code="c">1933.</subfield>
	</datafield>
	<datafield ind1=" " ind2=" " tag="300">
		<subfield code="6">880-07</subfield>
		<subfield code="a">online resource (184 pages) :</subfield>
		<subfield code="b">illustrations, facsimiles, portraits</subfield>
	</datafield>
	<datafield ind1=" " ind2=" " tag="336">
		<subfield code="a">text</subfield>
		<subfield code="2">rdacontent</subfield>
	</datafield>
	<datafield ind1=" " ind2=" " tag="337">
		<subfield code="a">computer</subfield>
		<subfield code="2">rdamedia</subfield>
	</datafield>
	<datafield ind1=" " ind2=" " tag="338">
		<subfield code="a">online resource</subfield>
		<subfield code="2">rdacarrier</subfield>
	</datafield>
	<datafield ind1=" " ind2=" " tag="500">
		<subfield code="a">Part of the Arabic Collections Online (ACO) project, contributed by American University of Beirut's Jafet Memorial Library.</subfield>
	</datafield>
	<datafield ind1=" " ind2=" " tag="533">
		<subfield code="a">Electronic reproduction.</subfield>
		<subfield code="b">New York, N.Y. :</subfield>
		<subfield code="c">New York University,</subfield>
		<subfield code="d">2020.</subfield>
		<subfield code="5">NNU</subfield>
	</datafield>
	<datafield ind1="2" ind2="0" tag="610">
		<subfield code="6">880-08</subfield>
		<subfield code="a">Coptic Church.</subfield>
	</datafield>
	<datafield ind1=" " ind2="0" tag="650">
		<subfield code="6">880-09</subfield>
		<subfield code="a">Domestic relations (Canon law)</subfield>
		<subfield code="z">Egypt.</subfield>
	</datafield>
	<datafield ind1=" " ind2="0" tag="650">
		<subfield code="6">880-10</subfield>
		<subfield code="a">Religious law and legislation</subfield>
		<subfield code="z">Egypt.</subfield>
	</datafield>
	<datafield ind1="1" ind2=" " tag="700">
		<subfield code="6">880-11</subfield>
		<subfield code="a">ʻAwaḍ, Jirjis Fīlūthāʾus.</subfield>
		<subfield code="e">compiler.</subfield>
		<subfield code="0">https://lccn.loc.gov/nr91040898 ,</subfield>
	</datafield>
	<datafield ind1="2" ind2=" " tag="710">
		<subfield code="a">Jafet Memorial Library.</subfield>
	</datafield>
	<datafield ind1="0" ind2=" " tag="730">
		<subfield code="a">Arabic Collections Online.</subfield>
	</datafield>
	<datafield ind1="0" ind2="8" tag="776">
		<subfield code="i">Print version:</subfield>
		<subfield code="a">Fīlūthāʼus, al-Īghūmānus, 1837-1904. author. https://lccn.loc.gov/n2009221483 ,</subfield>
		<subfield code="t">Qānūn al-Kanīsah al-Qibṭīyah</subfield>
		<subfield code="w">(LeBAU)b12940410</subfield>
	</datafield>
	<datafield ind1="4" ind2="0" tag="856">
		<subfield code="u">http://hdl.handle.net/2333.1/4xgxdbxt</subfield>
	</datafield>
	<datafield ind1="1" ind2=" " tag="880">
		<subfield code="6">100-01</subfield>
		<subfield code="a">فيلوثاؤس،</subfield>
		<subfield code="c">الايغومانس</subfield>
		<subfield code="d">1837-1904،</subfield>
		<subfield code="0">https://lccn.loc.gov/n2009221483 ,</subfield>
		<subfield code="e">مؤلف.</subfield>
		<subfield code="4">aut.</subfield>
	</datafield>
	<datafield ind1="1" ind2="0" tag="880">
		<subfield code="6">245-02</subfield>
		<subfield code="a">قانون الكنيسة القبطية :</subfield>
		<subfield code="b">كتاب الخلاصة القانونية في الأحوال الشخصية لكنيسة الأقباط الارثوذكسيين /</subfield>
		<subfield code="c">تأليف المتنيح الايغومانس فيلوثاؤس، رئيس الكنيسة الكبرى المرقسية بالقاهرة سابقاً ؛ شرح هذا الكتاب ووضع ملحقاته الفقير لرحمة مولاه جرجس فيلوثاؤس عوض.</subfield>
	</datafield>
	<datafield ind1="3" ind2="0" tag="880">
		<subfield code="6">246-03</subfield>
		<subfield code="a">كتاب الخلاصة القانونية في الأحوال الشخصية لكنيسة الأقباط الارثوذكسيين</subfield>
	</datafield>
	<datafield ind1="3" ind2="0" tag="880">
		<subfield code="6">246-04</subfield>
		<subfield code="a">الخلاصة القانونية في الأحوال الشخصية لكنيسة الأقباط الارثوذكسيين</subfield>
	</datafield>
	<datafield ind1=" " ind2=" " tag="880">
		<subfield code="6">250-05</subfield>
		<subfield code="a">الطبعة الثالثة.</subfield>
	</datafield>
	<datafield ind1=" " ind2="1" tag="880">
		<subfield code="6">264-06</subfield>
		<subfield code="a">القاهرة، [مصر] :</subfield>
		<subfield code="b">المطبعة المصرية الأهلية الحديثة،</subfield>
		<subfield code="c">1933.</subfield>
	</datafield>
	<datafield ind1=" " ind2=" " tag="880">
		<subfield code="6">300-07</subfield>
		<subfield code="a">184 صفحة :</subfield>
		<subfield code="b">مصورات، صور شخصانية، صور طبق الاصل ؛</subfield>
		<subfield code="c">25 سم</subfield>
	</datafield>
	<datafield ind1=" " ind2=" " tag="880">
		<subfield code="6">504-00</subfield>
		<subfield code="a">يتضمن مراجع ببليوغرافية.</subfield>
	</datafield>
	<datafield ind1="2" ind2="4" tag="880">
		<subfield code="6">610-08</subfield>
		<subfield code="a">الكنيسة القبطية.</subfield>
	</datafield>
	<datafield ind1=" " ind2="4" tag="880">
		<subfield code="6">650-09</subfield>
		<subfield code="a">الاحوال الشخصية (القانون الكنسي)</subfield>
		<subfield code="z">مصر.</subfield>
	</datafield>
	<datafield ind1=" " ind2="4" tag="880">
		<subfield code="6">650-10</subfield>
		<subfield code="a">القوانين والتشريعات الدينية</subfield>
		<subfield code="z">مصر.</subfield>
	</datafield>
	<datafield ind1="1" ind2=" " tag="880">
		<subfield code="6">700-11</subfield>
		<subfield code="a">عوض، جرجس فيلوثاؤس،</subfield>
		<subfield code="0">https://lccn.loc.gov/nr91040898 ,</subfield>
		<subfield code="e">معد.</subfield>
		<subfield code="4">com.</subfield>
	</datafield>
	<datafield ind1=" " ind2=" " tag="959">
		<subfield code="a">NNU</subfield>
		<subfield code="b">WEB</subfield>
		<subfield code="c">GENI</subfield>
		<subfield code="t">0</subfield>
		<subfield code="m">Electronic access</subfield>
		<subfield code="s">01</subfield>
	</datafield>
	<datafield ind1=" " ind2=" " tag="999">
		<subfield code="i">LeBAU_b12940410</subfield>
		<subfield code="s">aub_aco003819:</subfield>
		<subfield code="e">(ERROR-MISC)</subfield>
		<subfield code="s">aub_aco003819:</subfield>
	</datafield>
</record>
